@article{Tanihata85,
    author        = "I. Tanihata et al",
    journal       = "Physical Review Letters",
    year          = "1985",
    volume        = "55",
    number        = "24"
}
@article{HansenandJonson,
    author        = "P. G. Hansen and B. Jonson",
    journal       = "Europhysics Letters",
    year          = "1987",
    volume        = "4",
    number        = "4",
    pages         = "409--414"
}
@article{Ikeda,
  author          = "K. Ikeda",
  journal         = "Nuclear Physics A",
  volume          = "538",
  pages           = "355",
  year            = "1992"
}
@article{Tanihata96,
    author = "I. Tanihata",
    title = "Neutron halo nuclei",
    journal = "Journal of Physics G: Nuclear and Particle Physics",
    year = "1996",
    volume = "22",
    pages = "157--198"
}
@article{KJCook,
  author          = "K. J. Cook et al.",
  journal         = "Physical Review Letters",
  volume          = "124",
  pages           = "212503",
  year            = "2020"
}
@article{ZHYang,
  author          = "Z. H. Yang et al.",
  journal         = "Physics Review Latters",
  volume          = "126",
  pages           = "082501",
  year            = "2021"
}
@article{RIKEN,
    author = "Y. Yano et al",
    journal = "Nucl. Instrum. Methods Phys. Res. B",
    year = "2007",
    volume = "261",
    number = "1009",
}